@article{olston2010web,
  title={Web crawling},
  author={Olston, Christopher and Najork, Marc},
  journal={Foundations and Trends in Information Retrieval},
  volume={4},
  number={3},
  pages={175--246},
  year={2010},
  publisher={Now Publishers Inc.}
}